<?xml version="1.0" encoding="UTF-8"?><collection xmlns="http://www.loc.gov/MARC21/slim"><record><leader>00504nam--2200133-i-4500</leader><controlfield tag="001">000020846</controlfield><controlfield tag="002">20161230</controlfield><controlfield tag="005">20161230201033</controlfield><controlfield tag="008">060222s1000------------r-----000-0-eng-d</controlfield><datafield ind1=" " ind2=" " tag="080"><subfield code="a">577.355:681.787(043)</subfield></datafield><datafield ind1=" " ind2=" " tag="100"><subfield code="a">Dresselhaus, Dieter</subfield></datafield><datafield ind1=" " ind2=" " tag="245"><subfield code="a">Strukturuntyersuchungen am photozyklus des membranproteins bacteriorhodopsin mittles neutronenstreuung und magnetischer doppelbrechung und konzeption eines neutronendiffraktiometers. dissertation</subfield></datafield><datafield ind1=" " ind2=" " tag="260"><subfield code="a">Berlin, Universitat, 1988. 94 P</subfield></datafield><datafield ind1=" " ind2=" " tag="852"><subfield code="a">74809</subfield></datafield></record></collection>